@article{FPGA_hs_gen,
  author = {Hong-fei Zhang Chun-li Luo Peng-yi Tang Ke Cui Sheng-zhao Lin Ge Jin},
  journal = {IEEE Nuclear Science Symposium and Medical Imaging Conference},
  title = {High-speed arbitrary waveform generator based on FPGA},
  year = {2014}
}
@manual{ZedBoard,
  author = {AVNET},
  title = {ZedBoard Technical Documents}
}
@manual{AMD_Lib_Guide,
  author = {AMD/Xilinx},
  title = {Vivado Design Suite 7 series FPGA and Zynq 7000 SoC Libraries Guide (UG935)}
}